@inproceedings{DBLP:conf/ccs/MohasselR18,
  author    = {Payman Mohassel and
               Peter Rindal},
  title     = {ABY\({}^{\mbox{3}}\): {A} Mixed Protocol Framework for Machine Learning},
  booktitle = {{CCS}},
  pages     = {35--52},
  publisher = {{ACM}},
  year      = {2018}
}
